@manual{intel2017man,
  author       = {{Intel Corporation}},
  title        = {Intel 64 and IA-32 Architectures Software Developer’s Manual},
  year         = {2016},
  month        = apr,
  organization = {Intel Corporation},
  note         = {\url{http://www.intel.com/content/www/us/en/processors/architectures-software-developer-manuals.html},
                  visited 2017-08-19}
}

@manual{rfc1319,
  author = {B. Kaliski},
  title  = {The MD2 Message-Digest Algorithm},
  year   = {1992},
  month  = apr,
  doi    = {10.17487/RFC1319},
  note   = {\url{https://www.rfc-editor.org/info/rfc1319},
            visited 2023-06-19}
}
@manual{rfc2315,
  author = {B. Kaliski},
  title  = {PKCS7: Cryptographic Message Syntax Version 1.5},
  year   = {1998},
  month  = mar,
  doi    = {10.17487/RFC2315},
  note   = {\url{https://www.rfc-editor.org/info/rfc2315},
            visited 2023-06-19}
}

@book{menezes2018,
  title     = {Handbook of Applied Cryptography},
  author    = {Menezes, Alfred J. and van Oorschot, Paul C. and Vanstone, Scott A.},
  year      = {2018},
  publisher = {CRC Press},
  pages     = {33--},
  isbn      = {978-0-429-88132-9}
}


@misc{hashcalculator,
  title        = {{Online MD2 Hash Calculator}},
  year         = {2023},
  howpublished = {\url{https://www.conversion-tool.com/md2/#uploadProgress}},
  note         = {[Online; accessed 5-Jul-2023]}
}


@misc{fileIO,
  title        = {{GRA, Arbeitsblatt 7, T7.1 File IO}},
  author       = {Prof. Dr. Martin Schulz and Vincent Bode},
  year         = {2023},
  journal      = {Grundlagenpraktikum: Rechnerarchitektur, Technische Universität München},
  howpublished = {\url{https://gra.caps.in.tum.de/material/ERA_Blatt_07_Lsg.pdf}},
  note         = {[Online; accessed 5-Jul-2023]}
}

@misc{benchmarking,
  title        = {{GRA, Vorlesung 8, v8-0-benchmarking}},
  author       = {Prof. Dr. Martin Schulz and Vincent Bode},
  year         = {2023},
  journal      = {Grundlagenpraktikum: Rechnerarchitektur, Technische Universität München},
  howpublished = {\url{https://gra.caps.in.tum.de/video/v8-0-benchmarking/23#video-navigation}},
  note         = {[Online; accessed 5-Jul-2023]}
}

@article{energySaving,
  title   = {{Ducked Tails: Trimming the Tail Latency of(f) Packet Processing Systems}},
  author  = {Sebastian Gallenmüller and Florian Wiedner and Johannes Naab and Georg Carle},
  year    = {2021},
  pages   = {537-543},
  journal = {17th International Conference on Network and Service Management (CNSM), 2021}
}

@misc{gnuOptimierung,
  title        = {{GRA, Vorlesung 6, Optimierungen in GNU C}},
  author       = {Prof. Dr. Martin Schulz and Vincent Bode},
  year         = {2023},
  journal      = {Grundlagenpraktikum: Rechnerarchitektur, Technische Universität München},
  howpublished = {\url{https://gra.caps.in.tum.de/video/v6-2-opt2/20#video-navigation}},
  note         = {[Online; accessed 5-Jul-2023]}
}

@misc{analyseDesKompiliertenProgramms,
  title        = {{GRA, Arbeitsblatt 2, T2.3 Analyse des kompilierten Programms}},
  author       = {Prof. Dr. Martin Schulz and Vincent Bode},
  year         = {2023},
  journal      = {Grundlagenpraktikum: Rechnerarchitektur, Technische Universität München},
  howpublished = {\url{https://gra.caps.in.tum.de/material/ERA_Blatt_02_Lsg.pdf}},
  note         = {[Online; accessed 5-Jul-2023]}
}

@misc{kryptografischeHashfunktion,
  title        = {{Vorlesung IT-Sicherheit, WS 22/23, C. Eckert, Kapitel 3: Hashfunktion und MAC}},
  author       = {Prof. Claudia Eckert},
  year         = {2022},
  journal      = {Lehrstuhl für Sicherheit in der Informatik, I20 Department CE, School CIT},
  howpublished = {\url{https://www.moodle.tum.de/pluginfile.php/4271484/mod_resource/content/1/kap3_Hashfunktionen.pdf}},
  note         = {[Online; accessed 5-Jul-2023]}
}

@misc{hashtabelle,
  title        = {{Einführung in die Informatik, Hashtables}},
  author       = {Wolfram Burgard and Cyrill Stachniss},
  year         = {2008},
  journal      = {Albert-Ludwigs-Universität Freiburg},
  howpublished = {\url{http://ais.informatik.uni-freiburg.de/teaching/ss08/info_MLehrstuhl für Sicherheit in der Informatik, I20 Department CE, School CITST/material/mst_14_hashing.pdf}},
  note         = {[Online; accessed 9-Jul-2023]}
}


@book{knuth1969,
  title     = {The Art of Computer Programming, Vol. 2: Seminumerical Algorithms},
  author    = {Knuth, Donald E.},
  year      = {1969},
  publisher = {Addison-Wesley},
  address   = {Reading, MA},
  pages     = {139-140},
  note      = {OCLC: 85975465}
}

@misc{jain2009,
  title        = {MD2 Checksum - Slide 7/18},
  author       = {Jain, Raj},
  howpublished = {\url{https://www.cse.wustl.edu/~jain/cse571-09/ftp/l_07hsh.pdf}},
  year         = {2009},
  note         = {Washington University in St. Louis}
}

@misc{rfc6149,
  title        = {RFC 6149 - MD2 to Historic Status},
  author       = {Turner, S. and Chen, L.},
  year         = {2011},
  url          = {https://datatracker.ietf.org/doc/html/rfc6149},
  organization = {Internet Engineering Task Force (IETF)},
  note         = {[Online; Accessed: 11-07-2023]}
}
@article{rogier1997,
  title     = {Md2 is not Secure Without the Checksum Byte},
  author    = {Rogier, N. and Chauvaud, Pascal},
  year      = {1997},
  journal   = {Designs, Codes and Cryptography},
  volume    = {12},
  number    = {3},
  pages     = {245--251},
  doi       = {10.1023/A:1008220711840},
  url       = {https://doi.org/10.1023/A:1008220711840},
  publisher = {Springer}
}

@manual{knudsen2005,
  author = {Knudsen, Lars and Mathiassen, John},
  year   = {2005},
  month  = {07},
  pages  = {255-267},
  title  = {Preimage and Collision Attacks on MD2},
  volume = {3557},
  isbn   = {978-3-540-26541-2},
  doi    = {10.1007/11502760_17}
}

@inproceedings{oechslin2003,
  author    = {Oechslin, Philippe},
  editor    = {Boneh, Dan},
  title     = {Making a Faster Cryptanalytic Time-Memory Trade-Off},
  booktitle = {Advances in Cryptology - CRYPTO 2003},
  year      = {2003},
  publisher = {Springer Berlin Heidelberg},
  address   = {Berlin, Heidelberg},
  pages     = {617--630},
  isbn      = {978-3-540-45146-4}
}

@inproceedings{muller2004,
  author    = {Muller, Fr{\'e}d{\'e}ric},
  editor    = {Lee, Pil Joong},
  title     = {The MD2 Hash Function Is Not One-Way},
  booktitle = {Advances in Cryptology - ASIACRYPT 2004},
  year      = {2004},
  publisher = {Springer Berlin Heidelberg},
  address   = {Berlin, Heidelberg},
  pages     = {214--229},
  abstract  = {MD2 is an early hash function developed by Ron Rivest for RSA Security, that produces message digests of 128 bits. In this paper, we show that MD2 does not reach the ideal security level of 2128. We describe preimage attacks against the underlying compression function, the best of which has complexity of 273. As a result, the full MD2 hash can be attacked in preimage with complexity of 2104.},
  isbn      = {978-3-540-30539-2}
}

@techreport{barker2020,
  title       = {Recommendation for Key Management, Part 1: General},
  author      = {Barker, Elaine},
  year        = {2020},
  institution = {NIST},
  type        = {Technical Report},
  number      = {158},
  doi         = {10.6028/nist.sp.800-57pt1r5},
  url         = {http://citeseerx.ist.psu.edu/viewdoc/summary?doi=10.1.1.106.307}
}

@misc{crypto_stackexchange_18444,
  title  = {Crypto StackExchange answer},
  author = {Anonymous},
  year   = {2014},
  url    = {https://crypto.stackexchange.com/a/18444},
  note   = {[Online; Accessed: 11-07-2023]}
}